@Misc{COV,
        title = {http://gcovr.com/}
	}

@Misc{aLLT,
	 title = {http://smlweb.cpsc.ucalgary.ca/start.html}
	}
 @Misc{opora,
 	author               = {Honz{\'{i}}k, Jan},
 	title                = "ALGORITMY IAL: Studijn{\'{i}} opora",
 	howpublished         = "online",
 	edition 			= "Verze:14 Q",
 	year			= "[b.r.]",
 	revised        = "7.11.2014",
 	cited                = "!2014-12-13",
 	url                  = "https://wis.fit.vutbr.cz/FIT/st/course-files-st.php?file=%2Fcourse%2FIAL-IT%2Ftexts%2FOpora-IAL-2016-verze-16+D.pdf&cid=11418",}
